<?xml version="1.0" encoding="UTF-8"?>
<record xmlns="http://www.loc.gov/MARC21/slim" xmlns:xsi="http://www.w3.org/2001/XMLSchema-instance" xsi:schemaLocation="http://www.loc.gov/MARC21/slim http://www.loc.gov/standards/marcxml/schema/MARC21slim.xsd">
<leader>00000cam a22      a 4500</leader>
<controlfield tag="001">002855506</controlfield>
<controlfield tag="003">NNU</controlfield>
<controlfield tag="005">20150512160253.0</controlfield>
<controlfield tag="008">870818s1953    ua            000 0 ara d</controlfield>
<datafield tag="035" ind1=" " ind2=" ">
<subfield code="a">(OCoLC)478428239</subfield>
</datafield>
<datafield tag="040" ind1=" " ind2=" ">
<subfield code="a">NNU</subfield>
<subfield code="c">N15</subfield>
<subfield code="d">OCLCF</subfield>
<subfield code="d">OCLCO</subfield>
<subfield code="d">NNU</subfield>
</datafield>
<datafield tag="050" ind1=" " ind2="4">
<subfield code="a">PJ7828.D22-</subfield>
<subfield code="b">Z6 1953</subfield>
</datafield>
<datafield tag="100" ind1="1" ind2=" ">
<subfield code="6">880-01</subfield>
<subfield code="a">Ghaḍbān, ʻĀdil.</subfield>
</datafield>
<datafield tag="245" ind1="1" ind2="3">
<subfield code="6">880-02</subfield>
<subfield code="a">al-Shaykh Najīb al-Ḥaddād :</subfield>
<subfield code="b">1867-1899 /</subfield>
<subfield code="c">bi-qalam ʻĀdil al-Ghaḍbān.</subfield>
</datafield>
<datafield tag="260" ind1=" " ind2=" ">
<subfield code="6">880-03</subfield>
<subfield code="a">Miṣr :</subfield>
<subfield code="b">Dār al-Maʻārif,</subfield>
<subfield code="c">1953.</subfield>
</datafield>
<datafield tag="300" ind1=" " ind2=" ">
<subfield code="a">111 p. ;</subfield>
<subfield code="c">21 cm.</subfield>
</datafield>
<datafield tag="600" ind1="1" ind2="0">
<subfield code="6">880-04</subfield>
<subfield code="a">Ḥaddād, Najīb ibn Sulaymān,</subfield>
<subfield code="d">1867-1899</subfield>
<subfield code="x">Criticism and interpretation.</subfield>
</datafield>
<datafield tag="600" ind1="1" ind2="7">
<subfield code="a">Ḥaddād, Najīb ibn Sulaymān,</subfield>
<subfield code="d">1867-1899.</subfield>
<subfield code="2">fast</subfield>
<subfield code="0">(OCoLC)fst00301797</subfield>
</datafield>
<datafield tag="655" ind1=" " ind2="7">
<subfield code="a">Criticism, interpretation, etc.</subfield>
<subfield code="2">fast</subfield>
<subfield code="0">(OCoLC)fst01411635</subfield>
</datafield>
<datafield tag="880" ind1="1" ind2=" ">
<subfield code="6">100-01/</subfield>
<subfield code="a">غضبان، عادل.</subfield>
</datafield>
<datafield tag="880" ind1="1" ind2="2">
<subfield code="6">245-02/</subfield>
<subfield code="a">الشيخ نجيب الحداد :</subfield>
<subfield code="b">1867-1899 /</subfield>
<subfield code="c">بقلم عادل الغضبان.</subfield>
</datafield>
<datafield tag="880" ind1=" " ind2=" ">
<subfield code="6">260-03/</subfield>
<subfield code="a">مصر :</subfield>
<subfield code="b">دار المعارف،</subfield>
<subfield code="c">1953.</subfield>
</datafield>
<datafield tag="880" ind1="1" ind2="4">
<subfield code="6">600-04/</subfield>
<subfield code="a">حداد، نجيب بن سليمان،</subfield>
<subfield code="d">1867-1899</subfield>
<subfield code="x">Criticism and interpretation.</subfield>
</datafield>
<datafield tag="OWN" ind1=" " ind2=" ">
<subfield code="a">GENERAL</subfield>
</datafield>
<datafield tag="AVA" ind1=" " ind2=" ">
<subfield code="a">NYU50</subfield>
<subfield code="b">BOBST</subfield>
<subfield code="c">Main Collection</subfield>
<subfield code="d">PJ7828.D22 Z6 1953</subfield>
<subfield code="e">unavailable</subfield>
<subfield code="t">Unavailable</subfield>
<subfield code="f">1</subfield>
<subfield code="g">1</subfield>
<subfield code="h">N</subfield>
<subfield code="i">0</subfield>
<subfield code="j">MAIN</subfield>
<subfield code="k">0</subfield>
</datafield>
</record>
